
@book{o1998computational,
  title={Computational geometry in C},
  author={O Rourke, J.},
  year={1998},
  publisher={Cambridge university press}
}

@article{aurenhammer1991voronoi,
  title={Voronoi diagrams, a survey of a fundamental geometric data structure},
  author={Aurenhammer, F.},
  journal={ACM Computing Surveys (CSUR)},
  volume={23},
  number={3},
  pages={345--405},
  year={1991},
  publisher={ACM}
}

@article{kruskal1956shortest,
  title={On the shortest spanning subtree of a graph and the traveling salesman problem},
  author={Kruskal, J. B.},
  journal={Proceedings of the American Mathematical society},
  volume={7},
  number={1},
  pages={48--50},
  year={1956}
}

@article{guibas1985primitives,
  title={Primitives for the manipulation of general subdivisions and the computation of Voronoi},
  author={Guibas, L. and Stolfi, J.},
  journal={ACM transactions on graphics (TOG)},
  volume={4},
  number={2},
  pages={74--123},
  year={1985},
  publisher={ACM}
}
